
@Book{ref:Duda:2000,
author = {Richard O. Duda and Peter E. Hart and David G. Stork},
title = {Pattern Classification},
publisher = {John Wiley and Sons},
year = {2000}
}


@Book{ref:Bishop:2006,
author = {Christopher M. Bishop},
title = {Pattern Recognition and Machine Learning},
publisher = {Springer},
year = {2006}
}

@Manual{ref:SVMGuide,
  author =	 {Chih-Chung Chang and Chih-Jen Lin},
  title =	 {{LIBSVM}: A Library for Support Vector Machines},
  year =	 {2001},
  note =	 {Available: \url{http://www.csie.ntu.edu.tw/~cjlin/libsvm}}
}

@InProceedings{ref:Guyon:2007,
author = {Isabelle Guyon and Amir Saffari and Gideon Dror and Gavin Cawley},
title = {Agnostic Learning vs. Prior Knowledge Challenge},
booktitle = {Proceedings of International Joint Conference on Neural Networks},
month = {August},
year = {2007}
}

@Misc{ref:IJCNNChallenge:2007,
title = {{Agnostic Learning Vs. Prior Knowledge Challenge by {Internation Joint Conference on Neural Networks (IJCNN)}}},
howpublished = {Available: \url{http://www.agnostic.inf.ethz.ch} [Accessed November 02, 2018]},
}

@Article{ref:guyon:2007a,
author = {Isabelle Guyon and Amir Saffari and Gideon Dror and Gavin Cawley},
title = {Analysis of the {IJCNN} 2007 Agnostic Learning vs. Prior Knowledge Challenge},
journal = {Neural Networks},
year = {2008},
volume = {21},
number = {2-3},
pages = {544-550},
month = {December}
}



@misc{ref:classroom,
  title = {Google Classroom},
  howpublished = {\url{https://classroom.google.com}},
  note = {Accessed: 2024-10-09},
  organization = {Google.com}
}

@misc{ref:gradescope,
  title = {Gradescope | Save time grading},
  howpublished = {\url{https://www.gradescope.com}},
  note = {Accessed: 2024-10-09},
  organization = {www.gradescope.com}
}

@misc{ref:teams,
  title = {Microsoft Teams},
  howpublished = {\url{https://teams.microsoft.com}},
  note = {Accessed: 2024-10-09},
  organization = {teams.microsoft.com}
}

@misc{ref:basecamp,
  title = {Basecamp},
  howpublished = {\url{https://www.basecamp.com}},
  note = {Accessed: 2024-10-09},
  organization = {Basecamp}
}

@misc{ref:moodle,
  title = {Moodle - Open-source learning platform | Moodle.org},
  howpublished = {\url{https://moodle.org}},
  note = {Accessed: 2024-10-09},
  organization = {moodle.org}
}

@misc{ref:Canvas,
  title = {Log In to Canvas},
  howpublished = {\url{https://canvas.instructure.com/}},
  note = {Accessed: 2024-10-09},
  organization = {Instructure.com}
}

@misc{ref:sakai,
  title = {Sakai Learning Management System | Higher Education},
  howpublished = {\url{https://www.sakailms.org/}},
  note = {Accessed: 2024-10-09},
  organization = {Sakai LMS}
}

@misc{ref:blackboard,
  title = {Find the help you need | Blackboard Help},
  howpublished = {\url{https://help.blackboard.com/}},
  note = {Accessed: 2024-10-09},
  organization = {help.blackboard.com}
}

@misc{ref:edmodo,
  title = {Edmodo LMS},
  howpublished = {\url{https://edmodo.online/}},
  note = {Accessed: 2024-10-09},
  organization = {Edmodo LMS}
}

@misc{ref:brightspace,
  title        = {Brightspace},
  howpublished = {\url{https://www.d2l.com/brightspace/}},
  note         = {Accessed: 2024-10-09},
  organization = {D2L}
}